<record><leader>00000cas a22000007a 4500</leader><controlfield tag="001">15727191</controlfield><controlfield tag="008">870522d18851888inuwr ne      0    0eng d</controlfield><datafield ind1=" " ind2=" " tag="010"><subfield code="a">sn 87055822 </subfield></datafield><datafield ind1=" " ind2=" " tag="040"><subfield code="a">NPI</subfield><subfield code="b">eng</subfield><subfield code="c">NPI</subfield><subfield code="d">OCLCQ</subfield></datafield><datafield ind1=" " ind2=" " tag="042"><subfield code="a">msc</subfield></datafield><datafield ind1="0" ind2=" " tag="130"><subfield code="a">Weekly news (Goshen, Ind.)</subfield></datafield><datafield ind1="1" ind2="4" tag="245"><subfield code="a">The Weekly news.</subfield></datafield><datafield ind1=" " ind2=" " tag="260"><subfield code="a">Goshen, Ind. :</subfield><subfield code="b">Thos A. Starr &amp; Bro.,</subfield><subfield code="c">1885-1888.</subfield></datafield><datafield ind1=" " ind2=" " tag="310"><subfield code="a">Weekly</subfield></datafield><datafield ind1="0" ind2=" " tag="362"><subfield code="a">10th year, no. 2 (Apr. 3, 1885)-13th year, no. 37 (Dec. 7, 1888).</subfield></datafield><datafield ind1=" " ind2=" " tag="580"><subfield code="a">Also published in a daily ed. called: Daily news, 1883-1887; and: The Goshen daily news, 1887-1901.</subfield></datafield><datafield ind1=" " ind2=" " tag="752"><subfield code="a">United States</subfield><subfield code="b">Indiana</subfield><subfield code="c">Elkhart</subfield><subfield code="d">Goshen.</subfield></datafield><datafield ind1="1" ind2=" " tag="775"><subfield code="t">Goshen daily news</subfield><subfield code="w">(DLC)sn 86063072</subfield></datafield><datafield ind1="1" ind2=" " tag="775"><subfield code="t">Weekly independent (Goshen, Ind.)</subfield><subfield code="w">(DLC)sn 87055820</subfield></datafield><datafield ind1="0" ind2="0" tag="785"><subfield code="t">Goshen weekly news</subfield><subfield code="w">(DLC)sn 87056068</subfield></datafield></record>